@conference{19,
  title={Public Key Encryption with Keyword Search},
  author={D. Boneh and G. D. Crescenzo and  R. Ostrovsky and G. Persiano},
  year={2004},
}

@conference{46,
  title={Practical Techniques for Searches on Encrypted Data},
  author={D. X. Song and D. Wagner  and A. Perrig},
  year={2000},
}

@conference{23,
  title={Candidate Indistinguishability Obfuscation and Functional Encryption for all Circuits},
  author= {S. Garg and C. Gentry and S. Halevi and M. Raykova and A. Sahai and B. Waters},
  year={2013},
}

@conference{48,
  title={Beyond the Radio: Illuminating the Higher Layers of Mobile Networks},
  author= {N. Vallina-Rodriguez and S. Sundaresan and C. Kreibich and  N. Weaver and V. Paxson},
  year={2015},
}

@conference{24,
  title={Fully Homomorphic Encryption using Ideal Lattices},
  author={ C. Gentry},
  year={2009},
}

@conference{Blindbox,
  author = {J.Sherry and C.Lan and R.A. Popa and S.Ratnasamy},
  title = {BlindBox: Deep Packet Inspection over Encrypted Traffic},
  year = {2015},
}

@conference{SSL,
  author = {L.-S. Huang and A. Rice and E. Ellingsen and C. Jackson},
  title = { Analyzing
Forged SSL Certificates in the Wild },
  year = {2014},
}

@conference{Traffic,
  author = {A. Rao and J. Sherry and A. Legout and  W. Dabbout and  A. Krishnamurthy and
D. Choffnes.},
  title = {Meddle: Middleboxes for Increased Transparency and
Control of Mobile Traffic. },
  year = {2012},
}

@conference{Network,
  author = {J. Sherry and S. Hasan and C. Scott, A. Krishnamurthy and S. Ratnasamy  and
V. Sekar},
  title = {Making Middleboxes Someone Elseâ€™s Problem: Network
Processing As a Cloud Service.},
  year = {2012},
}

@misc{Deep,
  author = {C.Fuchs},
  title = {Implications of Deep Packet Inspection (DPI) Internet Surveillance for Society},
  year = {2012},
  
}
